<?xml version="1.0" encoding="UTF-8"?><record xmlns="http://www.loc.gov/MARC21/slim" xmlns:cinclude="http://apache.org/cocoon/include/1.0" xmlns:zs="http://www.loc.gov/zing/srw/">
  <leader>00480cz  a2200133n  4500</leader>
  <controlfield tag="001">no2007064012</controlfield>
  <controlfield tag="003">DLC</controlfield>
  <controlfield tag="005">20070627075124.0</controlfield>
  <controlfield tag="008">070608n| acannaabn          |n ana     c</controlfield>
  <datafield tag="010" ind1=" " ind2=" ">
    <subfield code="a">no2007064012</subfield>
  </datafield>
  <datafield tag="035" ind1=" " ind2=" ">
    <subfield code="a">(OCoLC)oca07432369</subfield>
  </datafield>
  <datafield tag="040" ind1=" " ind2=" ">
    <subfield code="a">WU</subfield>
    <subfield code="b">eng</subfield>
    <subfield code="c">WU</subfield>
    <subfield code="d">DLC</subfield>
  </datafield>
  <datafield tag="110" ind1="1" ind2=" ">
    <subfield code="a">South Africa.</subfield>
    <subfield code="b">Departmental Committee of Enquiry on Pensions</subfield>
  </datafield>
  <datafield tag="670" ind1=" " ind2=" ">
    <subfield code="a">Report of the Departmental Committee of Enquiry on Pensions, 1950, 1951:</subfield>
    <subfield code="b">t.p. (South Africa, Departmental Committee of Enquiry on Pensions)</subfield>
  </datafield>
</record>